@article{soetaert2010solving,
  title={Solving differential equations in R: package deSolve},
  author={Soetaert, Karline and Petzoldt, Thomas and Setzer, R Woodrow},
  journal={Journal of statistical software},
  volume={33},
  number={1},
  pages={1--25},
  year={2010}
}

@ARTICLE{2020SciPy-NMeth,
  author  = {Virtanen, Pauli and Gommers, Ralf and Oliphant, Travis E. and
            Haberland, Matt and Reddy, Tyler and Cournapeau, David and
            Burovski, Evgeni and Peterson, Pearu and Weckesser, Warren and
            Bright, Jonathan and {van der Walt}, St{\'e}fan J. and
            Brett, Matthew and Wilson, Joshua and Millman, K. Jarrod and
            Mayorov, Nikolay and Nelson, Andrew R. J. and Jones, Eric and
            Kern, Robert and Larson, Eric and Carey, C J and
            Polat, {\.I}lhan and Feng, Yu and Moore, Eric W. and
            {VanderPlas}, Jake and Laxalde, Denis and Perktold, Josef and
            Cimrman, Robert and Henriksen, Ian and Quintero, E. A. and
            Harris, Charles R. and Archibald, Anne M. and
            Ribeiro, Ant{\^o}nio H. and Pedregosa, Fabian and
            {van Mulbregt}, Paul and {SciPy 1.0 Contributors}},
  title   = {{{SciPy} 1.0: Fundamental Algorithms for Scientific
            Computing in Python}},
  journal = {Nature Methods},
  year    = {2020},
  volume  = {17},
  pages   = {261--272},
  adsurl  = {https://rdcu.be/b08Wh},
  doi     = {10.1038/s41592-019-0686-2},
}

@incollection{campbell2010modeling,
  title={Modeling and Simulation in SCILAB},
  author={Campbell, Stephen L and Chancelier, Jean-Philippe and Nikoukhah, Ramine},
  booktitle={Modeling and Simulation in Scilab/Scicos with ScicosLab 4.4},
  pages={73--106},
  year={2010},
  publisher={Springer}
}

@article{shampine1997matlab,
  title={The matlab ode suite},
  author={Shampine, Lawrence F and Reichelt, Mark W},
  journal={SIAM journal on scientific computing},
  volume={18},
  number={1},
  pages={1--22},
  year={1997},
  publisher={SIAM}
}

@article{althaus2014estimating,
  title={Estimating the reproduction number of Ebola virus (EBOV) during the 2014 outbreak in West Africa},
  author={Althaus, Christian L},
  journal={PLoS currents},
  volume={6},
  year={2014},
  publisher={Public Library of Science}
}
