@article {MR4200336,
    AUTHOR = {Ohajunwa, Comfort and Kumar, Kirthi and Seshaiyer,
              Padmanabhan},
     TITLE = {Mathematical modeling, analysis, and simulation of the
              {COVID}-19 pandemic with explicit and implicit behavioral
              changes},
   JOURNAL = {Comput. Math. Biophys.},
  FJOURNAL = {Computational and Mathematical Biophysics},
    VOLUME = {8},
      YEAR = {2020},
     PAGES = {216--232},
   MRCLASS = {92-10 (92D30)},
  MRNUMBER = {4200336},
       DOI = {10.1515/cmb-2020-0113},
       URL = {https://doi.org/10.1515/cmb-2020-0113},
}

@book {MR1261869,
    AUTHOR = {Shampine, Lawrence F.},
     TITLE = {Numerical solution of ordinary differential equations},
 PUBLISHER = {Chapman \& Hall, New York},
      YEAR = {1994},
     PAGES = {x+484},
      ISBN = {0-412-05151-6},
   MRCLASS = {65-02 (34A50 65Lxx)},
  MRNUMBER = {1261869},
}

@incollection {MR751604,
    AUTHOR = {Hindmarsh, Alan C.},
     TITLE = {O{DEPACK}, a systematized collection of {ODE} solvers},
 BOOKTITLE = {Scientific computing ({M}ontreal, {Q}ue., 1982)},
    SERIES = {IMACS Trans. Sci. Comput., I},
     PAGES = {55--64},
 PUBLISHER = {IMACS, New Brunswick, NJ},
      YEAR = {1983},
   MRCLASS = {65-04 (65L05)},
  MRNUMBER = {751604},
}

@article {MR1379682,
    AUTHOR = {Van Keken, Peter E. and Yuen, David A. and Petzold, Linda R.},
     TITLE = {D{ASPK}: a new high order and adaptive time-integration
              technique with applications to mantle convection with strongly
              temperature- and pressure-dependent rheology},
   JOURNAL = {Geophys. Astrophys. Fluid Dynam.},
  FJOURNAL = {Geophysical and Astrophysical Fluid Dynamics},
    VOLUME = {80},
      YEAR = {1995},
    NUMBER = {1-2},
     PAGES = {57--74},
      ISSN = {0309-1929},
   MRCLASS = {86-08 (86A60)},
  MRNUMBER = {1379682},
       DOI = {10.1080/03091929508229763},
       URL = {https://doi.org/10.1080/03091929508229763},
}

@article{osti7318812,
title = {Practical solution of ordinary differential equations by {R}unge--{K}utta methods},
author = {Shampine, L F and Watts, H A},
doi = {},
url = {https://www.osti.gov/biblio/7318812}, journal = {},
place = {United States},
year = {1976},
month = {12}
}


@Article{soetaert2010solving,
  title={Solving differential equations in {R}: package deSolve},
  author={Soetaert, Karline and Petzoldt, Thomas and Setzer, R Woodrow},
  journal={Journal of Statistical Software},
  volume={33},
  number={1},
  pages={1--25},
  year={2010}
}

@Article{2020SciPy-NMeth,
  author  = {Virtanen, Pauli and Gommers, Ralf and Oliphant, Travis E. and
            Haberland, Matt and Reddy, Tyler and Cournapeau, David and
            Burovski, Evgeni and Peterson, Pearu and Weckesser, Warren and
            Bright, Jonathan and {van der Walt}, St{\'e}fan J. and
            Brett, Matthew and Wilson, Joshua and Millman, K. Jarrod and
            Mayorov, Nikolay and Nelson, Andrew R. J. and Jones, Eric and
            Kern, Robert and Larson, Eric and Carey, C J and
            Polat, {\.I}lhan and Feng, Yu and Moore, Eric W. and
            {VanderPlas}, Jake and Laxalde, Denis and Perktold, Josef and
            Cimrman, Robert and Henriksen, Ian and Quintero, E. A. and
            Harris, Charles R. and Archibald, Anne M. and
            Ribeiro, Ant{\^o}nio H. and Pedregosa, Fabian and
            {van Mulbregt}, Paul and {SciPy 1.0 Contributors}},
  title   = {{{SciPy} 1.0: Fundamental Algorithms for Scientific
            Computing in Python}},
  journal = {Nature Methods},
  year    = {2020},
  volume  = {17},
  pages   = {261--272},
  adsurl  = {https://rdcu.be/b08Wh},
  doi     = {10.1038/s41592-019-0686-2},
}

@incollection{campbell2010modeling,
  title={Modeling and Simulation in {SCILAB}},
  author={Campbell, Stephen L and Chancelier, Jean-Philippe and Nikoukhah, Ramine},
  booktitle={Modeling and Simulation in {S}cilab/{S}cicos with ScicosLab 4.4},
  pages={73--106},
  year={2010},
  publisher={Springer}
}

@Article{shampine1997matlab,
  title={The {M}atlab {ODE} suite},
  author={Shampine, Lawrence F and Reichelt, Mark W},
  journal={SIAM Journal on Scientific Computing},
  volume={18},
  number={1},
  pages={1--22},
  year={1997},
  publisher={SIAM}
}

@book {MR3822086,
    AUTHOR = {Dormand, John R.},
     TITLE = {Numerical methods for differential equations},
    SERIES = {CRC Revivals},
      NOTE = {A computational approach,
              Reprint of the 1996 original [ MR1383317],
              Library of Engineering Mathematics},
 PUBLISHER = {CRC Press, Boca Raton, FL; CRC Press, Boca Raton, FL},
      YEAR = {2018},
     PAGES = {368},
      ISBN = {978-1-315-89600-7; 978-1-351-07510-7},
   MRCLASS = {65-01 (01A75 65Lxx)},
  MRNUMBER = {3822086},
       DOI = {10.1201/9781351075107},
       URL = {https://doi.org/10.1201/9781351075107},
}

@book {MR1439506,
    AUTHOR = {Hairer, E. and Wanner, G.},
     TITLE = {Solving ordinary differential equations. {II}},
    SERIES = {Springer Series in Computational Mathematics},
    VOLUME = {14},
   EDITION = {Second},
      NOTE = {Stiff and differential-algebraic problems},
 PUBLISHER = {Springer-Verlag, Berlin},
      YEAR = {1996},
     PAGES = {xvi+614},
      ISBN = {3-540-60452-9},
   MRCLASS = {65-02 (34A09 34A45 65-01 65Lxx)},
  MRNUMBER = {1439506},
       DOI = {10.1007/978-3-642-05221-7},
       URL = {https://doi.org/10.1007/978-3-642-05221-7},
}

@article {MR1025845,
    AUTHOR = {Bogacki, P. and Shampine, L. F.},
     TITLE = {A {$3(2)$} pair of {R}unge-{K}utta formulas},
   JOURNAL = {Appl. Math. Lett.},
  FJOURNAL = {Applied Mathematics Letters. An International Journal of Rapid
              Publication},
    VOLUME = {2},
      YEAR = {1989},
    NUMBER = {4},
     PAGES = {321--325},
      ISSN = {0893-9659},
   MRCLASS = {65L05},
  MRNUMBER = {1025845},
       DOI = {10.1016/0893-9659(89)90079-7},
       URL = {https://doi.org/10.1016/0893-9659(89)90079-7},
}

@misc{thisThesisGithub,
  title = {Software produced github},
  url={https://github.com/humaid123/Bachelors-Thesis-Code},
  howpublished ={\url{https://github.com/humaid123/Bachelors-Thesis-Code}},
  note = {Accessed: 2022-04-10}
}

@misc{scilabGithub,
  title = {Scilab github},
  url={https://github.com/scilab/scilab},
  howpublished ={\url{https://github.com/scilab/scilab}},
  note = {Accessed: 2021-08-01}
}

@misc{deSolveGithub,
  title = {DeSolve github},
  url={https://github.com/cran/deSolve},
  howpublished ={\url{https://github.com/cran/deSolve}},
  note = {Accessed: 2021-08-01}
}

@misc{hairerWebsite,
  title = {Hairer's Website},
  url={http://www.unige.ch/~hairer/software.html},
  howpublished ={\url{http://www.unige.ch/~hairer/software.html}},
  note = {Accessed: 2021-08-01}
}

@article{pdeModel,
	title={Private communication},
	author={Christina C. Christara},
	year={2021},
}

@article {MR4126357,
    AUTHOR = {Viguerie, Alex and Lorenzo, Guillermo and Auricchio,
              Ferdinando and Baroli, Davide and Hughes, Thomas J. R. and
              Patton, Alessia and Reali, Alessandro and Yankeelov, Thomas E.
              and Veneziani, Alessandro},
     TITLE = {Simulating the spread of {COVID}-19 {\it via} a
              spatially-resolved
              susceptible-exposed-infected-recovered-deceased ({SEIRD})
              model with heterogeneous diffusion},
   JOURNAL = {Appl. Math. Lett.},
  FJOURNAL = {Applied Mathematics Letters. An International Journal of Rapid
              Publication},
    VOLUME = {111},
      YEAR = {2021},
     PAGES = {Paper No. 106617, 9},
      ISSN = {0893-9659},
   MRCLASS = {92D30},
  MRNUMBER = {4126357},
       DOI = {10.1016/j.aml.2020.106617},
       URL = {https://doi.org/10.1016/j.aml.2020.106617},
}
	

@article{bacolikr,
	title={Error Control B-spline Gaussian Collocation PDE Software with Time-Space Event Detection},
	author={Jack Pew, Connor Tannahill, Paul Muir},
	journal={Saint Mary's University, Dept. of Mathematics and Computing Science Technical Report, \url{http://cs.smu.ca/tech_reports/}}, 
	url={http://cs.smu.ca/tech_reports/},
	  howpublished ={\url{http://cs.smu.ca/tech_reports/}},
	year={2020},
}

@book{heath2018scientific,
  title={Scientific computing: an introductory survey, revised second edition},
  author={Heath, Michael T},
  year={2018},
  publisher={SIAM}
}

@article {MR1298625,
    AUTHOR = {Brown, Peter N. and Hindmarsh, Alan C. and Petzold, Linda R.},
     TITLE = {Using {K}rylov methods in the solution of large-scale
              differential-algebraic systems},
   JOURNAL = {SIAM J. Sci. Comput.},
  FJOURNAL = {SIAM Journal on Scientific Computing},
    VOLUME = {15},
      YEAR = {1994},
    NUMBER = {6},
     PAGES = {1467--1488},
      ISSN = {1064-8275},
   MRCLASS = {65L05 (34A09 34A45)},
  MRNUMBER = {1298625},
MRREVIEWER = {I. Norman Katz},
       DOI = {10.1137/0915088},
       URL = {https://doi.org/10.1137/0915088},
}
	
@article {MR1618796,
    AUTHOR = {Brown, Peter N. and Hindmarsh, Alan C. and Petzold, Linda R.},
     TITLE = {Consistent initial condition calculation for
              differential-algebraic systems},
   JOURNAL = {SIAM J. Sci. Comput.},
  FJOURNAL = {SIAM Journal on Scientific Computing},
    VOLUME = {19},
      YEAR = {1998},
    NUMBER = {5},
     PAGES = {1495--1512},
      ISSN = {1064-8275},
   MRCLASS = {65L05 (34A09)},
  MRNUMBER = {1618796},
MRREVIEWER = {Gennady Y. Kulikov},
       DOI = {10.1137/S1064827595289996},
       URL = {https://doi.org/10.1137/S1064827595289996},
}

@article {MR3406651,
    AUTHOR = {Capone, Florinda and De Cataldis, Valentina and De Luca,
              Roberta},
     TITLE = {Influence of diffusion on the stability of equilibria in a
              reaction-diffusion system modeling cholera dynamic},
   JOURNAL = {J. Math. Biol.},
  FJOURNAL = {Journal of Mathematical Biology},
    VOLUME = {71},
      YEAR = {2015},
    NUMBER = {5},
     PAGES = {1107--1131},
      ISSN = {0303-6812},
   MRCLASS = {92D30 (35B35 35K51 35K57)},
  MRNUMBER = {3406651},
       DOI = {10.1007/s00285-014-0849-9},
       URL = {https://doi.org/10.1007/s00285-014-0849-9},
}

@article {MR2600928,
    AUTHOR = {Enright, W. H. and Yan, Li},
     TITLE = {The reliability/cost trade-off for a class of {ODE} solvers},
   JOURNAL = {Numer. Algorithms},
  FJOURNAL = {Numerical Algorithms},
    VOLUME = {53},
      YEAR = {2010},
    NUMBER = {2-3},
     PAGES = {239--260},
      ISSN = {1017-1398},
   MRCLASS = {65L05 (65L06)},
  MRNUMBER = {2600928},
MRREVIEWER = {Manuel Ruiz Gal\'{a}n},
       DOI = {10.1007/s11075-009-9288-x},
       URL = {https://doi.org/10.1007/s11075-009-9288-x},
}
		
@incollection {MR1950917,
    AUTHOR = {Enright, W. H.},
     TITLE = {The design and implementation of usable {ODE} software},
      NOTE = {Numerical methods for ordinary differential equations
              (Auckland, 2001)},
   JOURNAL = {Numer. Algorithms},
  FJOURNAL = {Numerical Algorithms},
    VOLUME = {31},
      YEAR = {2002},
    NUMBER = {1-4},
     PAGES = {125--137},
      ISSN = {1017-1398},
   MRCLASS = {65L99 (65-04 65Y15)},
  MRNUMBER = {1950917},
MRREVIEWER = {David R. Hill},
       DOI = {10.1023/A:1021181115166},
       URL = {https://doi.org/10.1023/A:1021181115166},
}
		
@incollection {MR1803189,
    AUTHOR = {Enright, W. H.},
     TITLE = {Continuous numerical methods for {ODE}s with defect control},
      NOTE = {Numerical analysis 2000, Vol. VI, Ordinary differential
              equations and integral equations},
   JOURNAL = {J. Comput. Appl. Math.},
  FJOURNAL = {Journal of Computational and Applied Mathematics},
    VOLUME = {125},
      YEAR = {2000},
    NUMBER = {1-2},
     PAGES = {159--170},
      ISSN = {0377-0427},
   MRCLASS = {65L70 (65L60)},
  MRNUMBER = {1803189},
       DOI = {10.1016/S0377-0427(00)00466-0},
       URL = {https://doi.org/10.1016/S0377-0427(00)00466-0},
}
		
@article {MR1239829,
    AUTHOR = {Enright, W. H.},
     TITLE = {The relative efficiency of alternative defect control schemes
              for high-order continuous {R}unge-{K}utta formulas},
   JOURNAL = {SIAM J. Numer. Anal.},
  FJOURNAL = {SIAM Journal on Numerical Analysis},
    VOLUME = {30},
      YEAR = {1993},
    NUMBER = {5},
     PAGES = {1419--1445},
      ISSN = {0036-1429},
   MRCLASS = {65L06 (34A50 65L05)},
  MRNUMBER = {1239829},
MRREVIEWER = {Alexander Ostermann},
       DOI = {10.1137/0730074},
       URL = {https://doi.org/10.1137/0730074},
}
		
@article {MR997658,
    AUTHOR = {Enright, W. H.},
     TITLE = {Analysis of error control strategies for continuous
              {R}unge-{K}utta methods},
   JOURNAL = {SIAM J. Numer. Anal.},
  FJOURNAL = {SIAM Journal on Numerical Analysis},
    VOLUME = {26},
      YEAR = {1989},
    NUMBER = {3},
     PAGES = {588--599},
      ISSN = {0036-1429},
   MRCLASS = {65L05},
  MRNUMBER = {997658},
       DOI = {10.1137/0726035},
       URL = {https://doi.org/10.1137/0726035},
}
		
@incollection {MR996053,
    AUTHOR = {Enright, W. H.},
     TITLE = {A new error-control for initial value solvers},
      NOTE = {Numerical ordinary differential equations (Albuquerque, NM,
              1986)},
   JOURNAL = {Appl. Math. Comput.},
  FJOURNAL = {Applied Mathematics and Computation},
    VOLUME = {31},
      YEAR = {1989},
     PAGES = {288--301},
      ISSN = {0096-3003},
   MRCLASS = {65L05},
  MRNUMBER = {996053},
       DOI = {10.1016/0096-3003(89)90123-9},
       URL = {https://doi.org/10.1016/0096-3003(89)90123-9},
}
@article{tsitouras1990runge,
  title={Runge-Kutta interpolants based on values from two successive integration steps},
  author={Tsitouras, Ch and Papageorgiou, George},
  journal={Computing},
  volume={43},
  number={3},
  pages={255--266},
  year={1990},
  publisher={Springer}
}
@article{papageorgiou1997continuous,
  title={Continuous extensions to high order runge-kutta methods},
  author={Papageorgiou, George and Tsitouras, Ch},
  journal={International journal of computer mathematics},
  volume={65},
  number={3-4},
  pages={273--291},
  year={1997},
  publisher={Taylor \& Francis}
}

@book {MR1421071,
    AUTHOR = {Shampine, L. F. and Allen, Jr., R. C. and Pruess, S.},
     TITLE = {Fundamentals of numerical computing},
 PUBLISHER = {John Wiley \& Sons, Inc., New York},
      YEAR = {1997},
     PAGES = {x+268},
      ISBN = {0-471-16363-5},
   MRCLASS = {65-01},
  MRNUMBER = {1421071},
}

@misc{JimVernerRepo,
  title = {Jim Verner's Refuge for Runge-Kutta Pairs},
  url={https://www.sfu.ca/~jverner/},
  howpublished ={\url{https://www.sfu.ca/~jverner/}},
  note = {Accessed: 2021-11-01}
}

@Article{althaus2014estimating,
  title={Estimating the reproduction number of Ebola virus (EBOV) during the 2014 outbreak in West Africa},
  author={Althaus, Christian L},
  journal={PLoS currents},
  volume={6},
  year={2014},
  publisher={Public Library of Science}
}
