




@book {MR3822086,
    AUTHOR = {Dormand, John R.},
     TITLE = {Numerical methods for differential equations},
    SERIES = {CRC Revivals},
      NOTE = {A computational approach,
              Reprint of the 1996 original [ MR1383317],
              Library of Engineering Mathematics},
 PUBLISHER = {CRC Press, Boca Raton, FL; CRC Press, Boca Raton, FL},
      YEAR = {2018},
     PAGES = {368},
      ISBN = {978-1-315-89600-7; 978-1-351-07510-7},
   MRCLASS = {65-01 (01A75 65Lxx)},
  MRNUMBER = {3822086},
       DOI = {10.1201/9781351075107},
       URL = {https://doi.org/10.1201/9781351075107},
}



@article {MR2600928,
    AUTHOR = {Enright, W. H. and Yan, Li},
     TITLE = {The reliability/cost trade-off for a class of {ODE} solvers},
   JOURNAL = {Numer. Algorithms},
  FJOURNAL = {Numerical Algorithms},
    VOLUME = {53},
      YEAR = {2010},
    NUMBER = {2-3},
     PAGES = {239--260},
      ISSN = {1017-1398},
   MRCLASS = {65L05 (65L06)},
  MRNUMBER = {2600928},
MRREVIEWER = {Manuel Ruiz Gal\'{a}n},
       DOI = {10.1007/s11075-009-9288-x},
       URL = {https://doi.org/10.1007/s11075-009-9288-x},
}
		
@incollection {MR1950917,
    AUTHOR = {Enright, W. H.},
     TITLE = {The design and implementation of usable {ODE} software},
      NOTE = {Numerical methods for ordinary differential equations
              (Auckland, 2001)},
   JOURNAL = {Numer. Algorithms},
  FJOURNAL = {Numerical Algorithms},
    VOLUME = {31},
      YEAR = {2002},
    NUMBER = {1-4},
     PAGES = {125--137},
      ISSN = {1017-1398},
   MRCLASS = {65L99 (65-04 65Y15)},
  MRNUMBER = {1950917},
MRREVIEWER = {David R. Hill},
       DOI = {10.1023/A:1021181115166},
       URL = {https://doi.org/10.1023/A:1021181115166},
}
		
@incollection {MR1803189,
    AUTHOR = {Enright, W. H.},
     TITLE = {Continuous numerical methods for {ODE}s with defect control},
      NOTE = {Numerical analysis 2000, Vol. VI, Ordinary differential
              equations and integral equations},
   JOURNAL = {J. Comput. Appl. Math.},
  FJOURNAL = {Journal of Computational and Applied Mathematics},
    VOLUME = {125},
      YEAR = {2000},
    NUMBER = {1-2},
     PAGES = {159--170},
      ISSN = {0377-0427},
   MRCLASS = {65L70 (65L60)},
  MRNUMBER = {1803189},
       DOI = {10.1016/S0377-0427(00)00466-0},
       URL = {https://doi.org/10.1016/S0377-0427(00)00466-0},
}
		
@article {MR1239829,
    AUTHOR = {Enright, W. H.},
     TITLE = {The relative efficiency of alternative defect control schemes
              for high-order continuous {R}unge-{K}utta formulas},
   JOURNAL = {SIAM J. Numer. Anal.},
  FJOURNAL = {SIAM Journal on Numerical Analysis},
    VOLUME = {30},
      YEAR = {1993},
    NUMBER = {5},
     PAGES = {1419--1445},
      ISSN = {0036-1429},
   MRCLASS = {65L06 (34A50 65L05)},
  MRNUMBER = {1239829},
MRREVIEWER = {Alexander Ostermann},
       DOI = {10.1137/0730074},
       URL = {https://doi.org/10.1137/0730074},
}
		
@article {MR997658,
    AUTHOR = {Enright, W. H.},
     TITLE = {Analysis of error control strategies for continuous
              {R}unge-{K}utta methods},
   JOURNAL = {SIAM J. Numer. Anal.},
  FJOURNAL = {SIAM Journal on Numerical Analysis},
    VOLUME = {26},
      YEAR = {1989},
    NUMBER = {3},
     PAGES = {588--599},
      ISSN = {0036-1429},
   MRCLASS = {65L05},
  MRNUMBER = {997658},
       DOI = {10.1137/0726035},
       URL = {https://doi.org/10.1137/0726035},
}
		
@incollection {MR996053,
    AUTHOR = {Enright, W. H.},
     TITLE = {A new error-control for initial value solvers},
      NOTE = {Numerical ordinary differential equations (Albuquerque, NM,
              1986)},
   JOURNAL = {Appl. Math. Comput.},
  FJOURNAL = {Applied Mathematics and Computation},
    VOLUME = {31},
      YEAR = {1989},
     PAGES = {288--301},
      ISSN = {0096-3003},
   MRCLASS = {65L05},
  MRNUMBER = {996053},
       DOI = {10.1016/0096-3003(89)90123-9},
       URL = {https://doi.org/10.1016/0096-3003(89)90123-9},
}
@article{tsitouras1990runge,
  title={Runge-Kutta interpolants based on values from two successive integration steps},
  author={Tsitouras, Ch and Papageorgiou, George},
  journal={Computing},
  volume={43},
  number={3},
  pages={255--266},
  year={1990},
  publisher={Springer}
}
@article{papageorgiou1997continuous,
  title={Continuous extensions to high order runge-kutta methods},
  author={Papageorgiou, George and Tsitouras, Ch},
  journal={International journal of computer mathematics},
  volume={65},
  number={3-4},
  pages={273--291},
  year={1997},
  publisher={Taylor \& Francis}
}

@book {MR1421071,
    AUTHOR = {Shampine, L. F. and Allen, Jr., R. C. and Pruess, S.},
     TITLE = {Fundamentals of numerical computing},
 PUBLISHER = {John Wiley \& Sons, Inc., New York},
      YEAR = {1997},
     PAGES = {x+268},
      ISBN = {0-471-16363-5},
   MRCLASS = {65-01},
  MRNUMBER = {1421071},
}

@misc{JimVernerRepo,
  title = {Jim Verner's Refuge for Runge-Kutta Pairs},
  url={https://www.sfu.ca/~jverner/},
  howpublished ={\url{https://www.sfu.ca/~jverner/}},
  note = {Accessed: 2021-11-01}
}
